% How to cite webpage: https://tex.stackexchange.com/questions/3587/how-can-i-use-bibtex-to-cite-a-web-page
@misc{nyctlc,
  title = {"TLC trip record data"},
  author = {{ New York City Taxi and Limousine Commission}},
  howpublished = {\url{https://www1.nyc.gov/site/tlc/about/tlc-trip-record-data.page}},
  note = {Accessed: 2022-08-01}
}

@misc{metar,
  title = {New York ASOS METAR reports (New York City)},
  author = {{Iowa State University}},
  howpublished = {\url{https://www.mesonet.agron.iastate.edu/request/download.phtml?network=NY_ASOS}},
  note = {Accessed: 2022-08-01}
}

@misc{2022sensorlocation,
  title = {Microclimate Sensor Locations},
  author = {{City of Melbourne}},
  howpublished = {\url{https://data.melbourne.vic.gov.au/Environment/Microclimate-Sensor-Locations/irqv-hjr4}},
  note = {Accessed: 2022-08-01}
}

@misc{nycfarepage,
  title = {NYCTLC Fare Page},
  author = {{New York City Taxi and Limousine Commission}},
  howpublished = {\url{https://www1.nyc.gov/site/tlc/passengers/taxi-fare.page}},
  note = {Accessed: 2022-08-01}
}


@misc{pyspk,
  title = {PySpark Documentation},
  author = {{Apache}},
  howpublished = {\url{https://spark.apache.org/docs/latest/api/python/}},
  note = {Accessed: 2022-08-01}
}



https://spark.apache.org/docs/latest/api/python/


@misc{nyctlc_pass,
  title = {"NYCTLC Rule Book, Chapter 54, "},
  author = {{New York City Taxi and Limousine Commission}},
  howpublished = {\url{https://www1.nyc.gov/site/tlc/about/tlc-trip-record-data.page}},
  note = {Accessed: 2022-08-01}
}


@misc{nyctlc_dd,
  title = {"TLC Yellow Taxi Data Dictionary"},
  author = {{ New York City Taxi and Limousine Commission}},
  howpublished = {\url{https://www1.nyc.gov/assets/tlc/downloads/pdf/data_dictionary_trip_records_yellow.pdf}},
  note = {Accessed: 2022-08-01}
}





% You should lookup the entries defined in bibtex to properly format your .bib file